@inproceedings{10.1007/11499107_24,
  author         = {Wei, Wei
	and Selman, Bart},
  editor         = {Bacchus, Fahiem
	and Walsh, Toby},
  title          = {A New Approach to Model Counting},
  booktitle      = {Theory and Applications of Satisfiability Testing},
  year           = {2005},
  publisher      = {Springer Berlin Heidelberg},
  addresssssssss = {Berlin, Heidelberg},
  pages = {324--339}
}


@inproceedings{10.1007/978-3-540-45238-6_6,
  author    = {Tsunoo, Yukiyasu
	and Saito, Teruo
	and Suzaki, Tomoyasu
	and Shigeri, Maki
	and Miyauchi, Hiroshi},
  editor    = {Walter, Colin D.
	and Ko{\c{c}}, {\c{C}}etin K.
	and Paar, Christof},
  title     = {Cryptanalysis of DES Implemented on Computers with Cache},
  booktitle = {Cryptographic Hardware and Embedded Systems - CHES 2003},
  year      = {2003},
  publisher = {Springer Berlin Heidelberg}
}


@inproceedings{10.1007/978-3-642-00596-1_21,
  author         = {Smith, Geoffrey},
  editor         = {de Alfaro, Luca},
  title          = {On the Foundations of Quantitative Information Flow},
  booktitle      = {Foundations of Software Science and Computational Structures},
  year           = {2009},
  publisher      = {Springer Berlin Heidelberg},
  addresssssssss = {Berlin, Heidelberg},
  pages = {288--302}
}

@inproceedings{10.1007/978-3-642-22110-1_37,
  author         = {Brumley, David
	and Jager, Ivan
	and Avgerinos, Thanassis
	and Schwartz, Edward J.},
  editor         = {Gopalakrishnan, Ganesh
	and Qadeer, Shaz},
  title          = {BAP: A Binary Analysis Platform},
  booktitle      = {Computer Aided Verification},
  year           = {2011},
  addresssssssss = {Berlin, Heidelberg},
  pages = {463--469}
}



@inproceedings{10.1007/978-3-642-31424-7_40,
  author         = {Kopf, Boris
	and Mauborgne, Laurent
	and Ochoa, Martn},
  editor         = {Madhusudan, P.
	and Seshia, Sanjit A.},
  title          = {Automatic Quantification of Cache Side-Channels},
  booktitle      = {Computer Aided Verification},
  year           = {2012},
  publisher      = {Springer Berlin Heidelberg},
  addresssssssss = {Berlin, Heidelberg},
  pages = {564--580}
}



@inproceedings{182946,
  author         = {Goran Doychev and Dominik Feld and Boris Kopf and Laurent Mauborgne and Jan Reineke},
  title          = {{CacheAudit}: A Tool for the Static Analysis of Cache Side Channels},
  booktitle      = {Presented as part of the 22nd USENIX Security Symposium (USENIX Security 13)},
  year           = {2013},
  addresssssssss = {Washington, D.C.},
  pages = {431--446},
  publisher      = {USENIX}
} 


@inproceedings{184415,
  author         = {Yuval Yarom and Katrina Falkner},
  title          = {{FLUSH+RELOAD}: A High Resolution, Low Noise, {L3} Cache Side-Channel Attack},
  booktitle      = {23rd USENIX Security Symposium (USENIX Security 14)},
  year           = {2014},
  addresssssssss = {San Diego, CA},
  pages = {719--732}
}


@inproceedings{184521,
  author    = {Tiffany Bao and Jonathan Burket and Maverick Woo and Rafael Turner and David Brumley},
  title     = {{BYTEWEIGHT}: Learning to Recognize Functions in Binary Code},
  booktitle = {23rd {USENIX} Security Symposium ({USENIX} Security 14)},
  year      = {2014},
  isbn      = {978-1-931971-15-7},
  address   = {San Diego, CA},
  pages     = {845--860},
  url       = {https://www.usenix.org/conference/usenixsecurity14/technical-sessions/presentation/bao},
  publisher = {{USENIX} Association},
  month     = aug
} 
@inproceedings{191010,
  author         = {Daniel Gruss and Raphael Spreitzer and Stefan Mangard},
  title          = {Cache Template Attacks: Automating Attacks on Inclusive Last-Level Caches},
  booktitle      = {24th USENIX Security Symposium (USENIX Security 15)},
  year           = {2015},
  addresssssssss = {Washington, D.C.},
  pages = {897--912}
} 

@inproceedings{197207,
  author           = {Jose Bacelar Almeida and Manuel Barbosa and Gilles Barthe and Fran{\c c}ois Dupressoir and Michael Emmi},
  title            = {Verifying Constant-Time Implementations},
  booktitle        = {25th {USENIX} Security Symposium ({USENIX} Security 16)},
  year             = {2016},
  isbn             = {978-1-931971-32-4},
  addresssssssss   = {Austin, TX},
  pages   = {53--70},
  urllllllllll     = {https://www.usenix.org/conference/usenixsecurity16/technical-sessions/presentation/almeida},
  publisher        = {{USENIX} Association},
  monthhhhhhhhhhhh = aug
}

@inproceedings{203878,
  author         = {Shuai Wang and Pei Wang and Xiao Liu and Danfeng Zhang and Dinghao Wu},
  title          = {{CacheD}: Identifying Cache-Based Timing Channels in Production Software},
  booktitle      = {26th USENIX Security Symposium (USENIX Security 17)},
  year           = {2017},
  addresssssssss = {Vancouver, BC},
  pages = {235--252}
} 


@inproceedings{217537,
  author         = {Samuel Weiser and Andreas Zankl and Raphael Spreitzer and Katja Miller and Stefan Mangard and Georg Sigl},
  title          = {{DATA - Differential Address Trace Analysis: Finding Address-based Side-Channels in Binaries}},
  booktitle      = {USENIX Security 18},
  addresssssssss = {Baltimore, MD},
  year = {2018},
  pages = {603--620}
}

@inproceedings{217543,
  author         = {Jo Van Bulck and Marina Minkin and Ofir Weisse and Daniel Genkin and Baris Kasikci and Frank Piessens and Mark Silberstein and Thomas F. Wenisch and Yuval Yarom and Raoul Strackx},
  title          = {Foreshadow: Extracting the Keys to the Intel {SGX} Kingdom with Transient Out-of-Order Execution},
  booktitle      = {27th {USENIX} Security Symposium ({USENIX} Security 18)},
  year           = {2018},
  isbn           = {978-1-939133-04-5},
  addresssssssss = {Baltimore, MD},
  pages = {991{\textendash}1008}
}


@inproceedings{217563,
  author         = {Insu Yun and Sangho Lee and Meng Xu and Yeongjin Jang and Taesoo Kim},
  title          = {{QSYM}: A Practical Concolic Execution Engine Tailored for Hybrid Fuzzing},
  booktitle      = {27th USENIX Security Symposium (USENIX Security 18)},
  year           = {2018},
  addresssssssss = {Baltimore, MD},
  pages = {745--761}
}


@inproceedings{217589,
  author         = {Stephan van Schaik and Cristiano Giuffrida and Herbert Bos and Kaveh Razavi},
  title          = {Malicious Management Unit: Why Stopping Cache Attacks in Software is Harder Than You Think},
  booktitle      = {27th {USENIX} Security Symposium ({USENIX} Security 18)},
  year           = {2018},
  isbn           = {978-1-939133-04-5},
  addresssssssss = {Baltimore, MD},
  pages = {937--954}
}


@inproceedings{217605,
  author         = {Monjur Alam and Haider Adnan Khan and Moumita Dey and Nishith Sinha and Robert Callan and Alenka Zajic and Milos Prvulovic},
  title          = {One\&Done: A Single-Decryption EM-Based Attack on OpenSSL{\textquoteright}s Constant-Time Blinded {RSA}},
  booktitle      = {27th {USENIX} Security Symposium ({USENIX} Security 18)},
  year           = {2018},
  isbn           = {978-1-939133-04-5},
  addresssssssss = {Baltimore, MD},
  pages = {585--602}
}


@inproceedings{236334,
  author    = {Klaus v. Gleissenthall and Rami G{\"o}khan K{\i}c{\i} and Deian Stefan and Ranjit Jhala},
  title     = {IODINE: Verifying Constant-Time Execution of Hardware},
  booktitle = {USENIX Security 19},
  isbn      = {978-1-939133-06-9},
  pages={1411--1428},
  year={2019}
}


@inproceedings{236338,
  author         = {Shuai Wang and Yuyan Bao and Xiao Liu and Pei Wang and Danfeng Zhang and Dinghao Wu},
  title          = {Identifying Cache-Based Side Channels through Secret-Augmented Abstract Interpretation},
  booktitle      = {28th USENIX Security Symposium (USENIX Security 19)},
  year           = {2019},
  pages={657--674},
  addresssssssss = {Santa Clara, CA}
}



@inproceedings{236344,
  author           = {Mario Werner and Thomas Unterluggauer and Lukas Giner and Michael Schwarz and Daniel Gruss and Stefan Mangard},
  title            = {ScatterCache: Thwarting Cache Attacks via Cache Set Randomization},
  booktitle        = {28th {USENIX} Security Symposium ({USENIX} Security 19)},
  year             = {2019},
  isbn             = {978-1-939133-06-9},
  addresssssssss   = {Santa Clara, CA},
  pages   = {675--692},
  urllllllllll     = {https://www.usenix.org/conference/usenixsecurity19/presentation/werner},
  publisher        = {{USENIX} Association},
  monthhhhhhhhhhhh = aug
}


@inproceedings{5207642,
  author           = {M. {Backes} and B. {KÃ¶pf} and A. {Rybalchenko}},
  booktitle        = {2009 30th IEEE Symposium on Security and Privacy},
  title            = {Automatic Discovery and Quantification of Information Leaks},
  year             = {2009},
  volume           = {},
  number           = {},
  pages   = {141-153},
  keywords         = {reasoning about programs;security of data;information leaks;information-flow analysis;comprehensive quantitative interpretation;program verification techniques;information-theoretic analysis;Information analysis;Entropy;Information security;Size measurement;Information theory;Communication channels;Channel capacity;Privacy;Throughput;Data flow computing;Information Flow;Information Theory;Program Analysis},
  doi              = {10.1109/SP.2009.18},
  issn             = {},
  monthhhhhhhhhhhh = {May}
}


@inproceedings{7163050,
  author         = {F. Liu and Y. Yarom and Q. Ge and G. Heiser and R. B. Lee},
  booktitle      = {2015 IEEE Symposium on Security and Privacy},
  title          = {Last-Level Cache Side-Channel Attacks are Practical},
  year           = {2015},
  pages = {605--622}
} 
@inproceedings{7163052,
  author           = {Y. Xu and W. Cui and M. Peinado},
  booktitle        = {2015 IEEE Symposium on Security and Privacy},
  title            = {Controlled-Channel Attacks: Deterministic Side Channels for Untrusted Operating Systems},
  year             = {2015},
  pages   = {640--656},
  monthhhhhhhhhhhh = {May}
} 

@inproceedings{7536389,
  author           = {C. S. Pasareanu and Q. Phan and P. Malacaria},
  booktitle        = {CSF 2016},
  title            = {Multi-run Side-Channel Analysis Using Symbolic Execution and Max-SMT},
  year             = {2016},
  pages   = {387--400},
  monthhhhhhhhhhhh = {June}
}

@inproceedings{agrawal2002side,
  title          = {The {EM} side-channel(s)},
  author         = {Agrawal, Dakshi and Archambeault, Bruce and Rao, Josyula R and Rohatgi, Pankaj},
  booktitle      = {International Workshop on Cryptographic Hardware and Embedded Systems},
  pages = {29--45},
  year           = {2002},
  organization   = {Springer}
}

@inproceedings{AskarovC12,
  author    = {Aslan Askarov and Stephen Chong},
  title     = {Learning is Change in Knowledge: Knowledge-based Security for Dynamic Policies},
  booktitle = {IEEE 25th Computer Security Foundations Symposium (CSF) 2012},
  pages     = {308--322},
  publisher = {IEEE}
} 
@inproceedings{aumuller2002fault,
  title        = {Fault attacks on RSA with CRT: Concrete results and practical countermeasures},
  author       = {Aum{\"u}ller, Christian and Bier, Peter and Fischer, Wieland and Hofreiter, Peter and Seifert, J-P},
  booktitle    = {International Workshop on Cryptographic Hardware and Embedded Systems},
  pages        = {260--275},
  year         = {2002},
  organization = {Springer}
}


@article{BacelarAlmeida:2013:FVS:2483313.2483334,
  author            = {Bacelar Almeida, J. and Barbosa, Manuel and Pinto, Jorge S. and Vieira, B\'{a}rbara},
  title             = {Formal Verification of Side-channel Countermeasures Using Self-composition},
  journal           = {Sci. Comput. Program.},
  issue_date        = {July, 2013},
  volume            = {78},
  number            = {7},
  monthhhhhhhhhhhh  = jul,
  year              = {2013},
  issn              = {0167-6423},
  pages    = {796--812},
  numpages = {17},
  urllllllllll      = {http://dx.doi.org/10.1016/j.scico.2011.10.008},
  doi               = {10.1016/j.scico.2011.10.008},
  acmid             = {2483334},
  publisher         = {Elsevier North-Holland, Inc.},
  addresssssssss    = {Amsterdam, The Netherlands, The Netherlands},
  keywords          = {Cryptographic algorithms, Program equivalence, Program verification, Self-composition, Side-channel countermeasures}
} 

@inproceedings{bang2016string,
  title     = {String analysis for side channels with segmented oracles},
  author    = {Bang, Lucas and Aydin, Abdulbaki and Phan, Quoc-Sang and P{\u{a}}s{\u{a}}reanu, Corina S and Bultan, Tevfik},
pages={193--204},
  year={2016},
  booktitle = {FSE 2016}
} 
@inproceedings{bernstein2012security,
  title        = {The security impact of a new cryptographic library},
  author       = {Bernstein, Daniel J and Lange, Tanja and Schwabe, Peter},
  booktitle    = {International Conference on Cryptology and Information Security in Latin America},
  pages        = {159--176},
  year         = {2012},
  organization = {Springer}
}



@inproceedings{Biham:1997:FND:647932.757246,
  author            = {Biham, Eli},
  title             = {A Fast New DES Implementation in Software},
  booktitle         = {Proceedings of the 4th International Workshop on Fast Software Encryption},
  series            = {FSE '97},
  year              = {1997},
  isbn              = {3-540-63247-6},
  pages    = {260--272},
  numpages = {13},
  urllllllllll      = {http://dl.acm.org/citation.cfm?id=647932.757246},
  acmid             = {757246},
  publisher         = {Springer-Verlag},
  addresssssssss    = {London, UK, UK}
}


@inproceedings{biondi2018scalable,
  title        = {Scalable approximation of quantitative information flow in programs},
  author       = {Biondi, Fabrizio and Enescu, Michael A and Heuser, Annelie and Legay, Axel and Meel, Kuldeep S and Quilbeuf, Jean},
  booktitle    = {International Conference on Verification, Model Checking, and Abstract Interpretation},
  pages        = {71--93},
  year         = {2018},
  organization = {Springer}
}


@inproceedings{Bonneau11894063_16,
  author         = {Bonneau, Joseph
and Mironov, Ilya},
  editor         = {Goubin, Louis
and Matsui, Mitsuru},
  title          = {Cache-Collision Timing Attacks Against AES},
  booktitle      = {Cryptographic Hardware and Embedded Systems - CHES 2006},
  year           = {2006},
  publisher      = {Springer Berlin Heidelberg},
  addresssssssss = {Berlin, Heidelberg},
  pages = {201--215}
}

@article{brickell2006software,
  title          = {Software mitigations to hedge AES against cache-based software side channel vulnerabilities.},
  author         = {Brickell, Ernie and Graunke, Gary and Neve, Michael and Seifert, Jean-Pierre},
  journal        = {IACR Cryptology ePrint Archive},
  volume         = {2006},
  pages = {52},
  year           = {2006},
  publisher      = {Citeseer}
}



@inproceedings{Brotzman19Casym,
  author         = {Robert Brotzman and Shen Liu and Danfeng Zhang and Gang Tan and Mahmut Kandemir},
  title          = {{CaSym}: Cache Aware Symbolic Execution for Side Channel Detection and Mitigation},
  pages = {364--380},
  booktitle      = {IEEE Symposium on Security and Privacy (S\&P)},
  year           = {2019}
}

@techreport{chakraborty2016algorithmic,
  title  = {Algorithmic improvements in approximate counting for probabilistic inference: From linear to logarithmic SAT calls},
  author = {Chakraborty, Supratik and Meel, Kuldeep S and Vardi, Moshe Y},
  year   = {2016}
}



@inproceedings{chari1999towards,
  title          = {Towards sound approaches to counteract power-analysis attacks},
  author         = {Chari, Suresh and Jutla, Charanjit S and Rao, Josyula R and Rohatgi, Pankaj},
  booktitle      = {Annual International Cryptology Conference},
  pages = {398--412},
  year           = {1999},
  organization   = {Springer}
}



@inproceedings{Chattopadhyay:2017:QIL:3127041.3127044,
  author         = {Chattopadhyay, Sudipta and Beck, Moritz and Rezine, Ahmed and Zeller, Andreas},
  title          = {Quantifying the Information Leak in Cache Attacks via Symbolic Execution},
  booktitle      = {Proceedings of the 15th ACM-IEEE International Conference on Formal Methods and Models for System Design},
  series         = {MEMOCODE '17},
  year           = {2017},
  location       = {Vienna, Austria},
  pages = {25--35},
  publisher      = {ACM}
}


@article{chistikov2017approximate,
  title     = {Approximate counting in SMT and value estimation for probabilistic programs},
  author    = {Chistikov, Dmitry and Dimitrova, Rayna and Majumdar, Rupak},
  journal   = {Acta Informatica},
  volume    = {54},
  number    = {8},
  pages     = {729--764},
  year      = {2017},
  publisher = {Springer}
}


@article{clark2007static,
  title     = {A static analysis for quantifying information flow in a simple imperative language},
  author    = {Clark, David and Hunt, Sebastian and Malacaria, Pasquale},
  journal   = {Journal of Computer Security},
  volume    = {15},
  number    = {3},
  pages     = {321--371},
  year      = {2007},
  publisher = {IOS Press}
}

@inproceedings{Coppens:2009:PMT:1607723.1608124,
  author            = {Coppens, Bart and Verbauwhede, Ingrid and Bosschere, Koen De and Sutter, Bjorn De},
  title             = {Practical Mitigations for Timing-Based Side-Channel Attacks on Modern x86 Processors},
  booktitle         = {Proceedings of the 2009 30th IEEE Symposium on Security and Privacy},
  series            = {SP '09},
  year              = {2009},
  isbn              = {978-0-7695-3633-0},
  pages    = {45--60},
  numpages = {16},
  urllllllllll      = {https://doi.org/10.1109/SP.2009.19},
  doi               = {10.1109/SP.2009.19},
  acmid             = {1608124},
  publisher         = {IEEE Computer Society},
  addresssssssss    = {Washington, DC, USA}
}


@inproceedings{crane2015thwarting,
  title          = {Thwarting Cache Side-Channel Attacks Through Dynamic Software Diversity.},
  author         = {Crane, Stephen and Homescu, Andrei and Brunthaler, Stefan and Larsen, Per and Franz, Michael},
  booktitle      = {NDSS},
  pages = {8--11},
  year           = {2015}
}


@article{DBLP:journals/jce/GeYCH18,
  author         = {Qian Ge and
		Yuval Yarom and
		David Cock and
	Gernot Heiser},
  title          = {A survey of microarchitectural timing attacks and countermeasures
	on contemporary hardware},
  journal        = {J. Cryptographic Engineering},
  volume         = {8},
  number         = {1},
  pages = {1--27},
  year           = {2018}
}

@inproceedings{DeMoura:2008:ZES:1792734.1792766,
  author            = {De Moura, Leonardo and Bj{\o}rner, Nikolaj},
  title             = {Z3: An Efficient {SMT} Solver},
  booktitle         = {Proceedings of the Theory and Practice of Software, 14th International Conference on Tools and Algorithms for the Construction and Analysis of Systems},
  series            = {TACAS'08/ETAPS'08},
  year              = {2008},
  isbn              = {3-540-78799-2, 978-3-540-78799-0},
  location          = {Budapest, Hungary},
  pages    = {337--340},
  numpages = {4},
  urllllllllll      = {http://dl.acm.org/citation.cfm?id=1792734.1792766},
  acmid             = {1792766},
  publisher         = {Springer-Verlag},
  addresssssssss    = {Berlin, Heidelberg}
}


@inproceedings{Doychev:2017:RAS:3062341.3062388,
  author            = {Doychev, Goran and K\"{o}pf, Boris},
  title             = {Rigorous Analysis of Software Countermeasures Against Cache Attacks},
  booktitle         = {Proceedings of the 38th ACM SIGPLAN Conference on Programming Language Design and Implementation},
  series            = {PLDI 2017},
  year              = {2017},
  isbn              = {978-1-4503-4988-8},
  location          = {Barcelona, Spain},
  pages    = {406--421},
  numpages = {16},
  urllllllllll      = {http://doi.acm.org/10.1145/3062341.3062388},
  doi               = {10.1145/3062341.3062388},
  acmid             = {3062388}
}


@misc{dullien2009reil,
  title     = {REIL: A platform-independent intermediate representation of disassembled code for static code analysis},
  author    = {Dullien, Thomas and Porst, Sebastian},
  year      = {2009},
  publisher = {CanSecWest}
}


@article{ge2018survey,
  title          = {A survey of microarchitectural timing attacks and countermeasures on contemporary hardware},
  author         = {Ge, Qian and Yarom, Yuval and Cock, David and Heiser, Gernot},
  journal        = {Journal of Cryptographic Engineering},
  volume         = {8},
  number         = {1},
  pages = {1--27},
  year           = {2018},
  publisher      = {Springer}
}


@inproceedings{genkin2014rsa,
  title          = {RSA key extraction via low-bandwidth acoustic cryptanalysis},
  author         = {Genkin, Daniel and Shamir, Adi and Tromer, Eran},
  booktitle      = {Annual Cryptology Conference},
  pages = {444--461},
  year           = {2014},
  organization   = {Springer}
}



@inproceedings{godefroid2008automated,
  title     = {Automated Whitebox Fuzz Testing.},
  author    = {Godefroid, Patrice and Levin, Michael Y and Molnar, David A and others},
  booktitle = {NDSS},
  volume    = {8},
  pages     = {151--166},
  year      = {2008}
}

@inproceedings{gomes2006model,
  title     = {Model counting: A new strategy for obtaining good bounds},
  author    = {Gomes, Carla P and Sabharwal, Ashish and Selman, Bart},
  booktitle = {AAAI},
  pages     = {54--61},
  year      = {2006}
}


@inproceedings{gomes2007sampling,
  title     = {From Sampling to Model Counting.},
  author    = {Gomes, Carla P and Hoffmann, Joerg and Sabharwal, Ashish and Selman, Bart},
  booktitle = {IJCAI},
  volume    = {2007},
  pages     = {2293--2299},
  year      = {2007}
}


@article{gray1992toward,
  title     = {Toward a mathematical foundation for information flow security},
  author    = {Gray III, James W},
  journal   = {Journal of Computer Security},
  volume    = {1},
  number    = {3-4},
  pages     = {255--294},
  year      = {1992},
  publisher = {IOS Press}
}



@inproceedings{Gullasch:2011:CGB:2006077.2006784,
  author            = {Gullasch, David and Bangerter, Endre and Krenn, Stephan},
  title             = {Cache Games -- Bringing Access-Based Cache Attacks on AES to Practice},
  booktitle         = {Proceedings of the 2011 IEEE Symposium on Security and Privacy},
  series            = {SP '11},
  year              = {2011},
  isbn              = {978-0-7695-4402-1},
  pages    = {490--505},
  numpages = {16},
  urllllllllll      = {https://doi.org/10.1109/SP.2011.22},
  doi               = {10.1109/SP.2011.22}
} 



@misc{hornby2011side,
  title  = {Side-channel attacks on everyday applications: distinguishing inputs with {FLUSH+RELOAD}. Black Hat USA (2016)},
  author = {Hornby, T},
  year   = {2011}
}



@manual{intelsys,
  author = {{Intel Corporation}},
  title  = {{Intel\textsuperscript{\textregistered} 64 and IA-32 Architectures Software Developer's Manual}},
  year   = {2019}
} 



@inproceedings{kar20178,
  title          = {8.1 Improved power-side-channel-attack resistance of an AES-128 core via a security-aware integrated buck voltage regulator},
  author         = {Kar, Monodeep and Singh, Arvind and Mathew, Sanu and Rajan, Anand and De, Vivek and Mukhopadhyay, Saibal},
  booktitle      = {2017 IEEE International Solid-State Circuits Conference (ISSCC)},
  pages = {142--143},
  year           = {2017},
  organization   = {IEEE}
}



@inproceedings{kocher1996timing,
  title        = {Timing attacks on implementations of Diffie-Hellman, RSA, DSS, and other systems},
  author       = {Kocher, Paul C},
  booktitle    = {Annual International Cryptology Conference},
  pages        = {104--113},
  year         = {1996},
  organization = {Springer}
}


@inproceedings{konighofer2008fast,
  title          = {A fast and cache-timing resistant implementation of the {AES}},
  author         = {K{\"o}nighofer, Robert},
  booktitle      = {Cryptographers' Track at the RSA Conference},
  pages = {187--202},
  year           = {2008},
  organization   = {Springer}
}



@inproceedings{kroc2008leveraging,
  title        = {Leveraging belief propagation, backtrack search, and statistics for model counting},
  author       = {Kroc, Lukas and Sabharwal, Ashish and Selman, Bart},
  booktitle    = {International Conference on Integration of Artificial Intelligence (AI) and Operations Research (OR) Techniques in Constraint Programming},
  pages        = {127--141},
  year         = {2008},
  organization = {Springer}
}



@article{Kwan2000ReducingTG,
  title          = {Reducing the Gate Count of Bitslice DES},
  author         = {Matthew Kwan},
  journal        = {IACR Cryptology ePrint Archive},
  year           = {2000},
  volume         = {2000},
  pages = {51}
}

@article{langley2010ctgrind,
  title   = {ctgrindâchecking that functions are constant time with Valgrind, 2010},
  author  = {Langley, Adam},
  journal = {URL https://github.com/agl/ctgrind},
  volume  = {84},
  year    = {2010}
}



@inproceedings{lee2017inferring,
  title          = {Inferring Fine-grained Control Flow Inside $\{$SGX$\}$ Enclaves with Branch Shadowing},
  author         = {Lee, Sangho and Shih, Ming-Wei and Gera, Prasun and Kim, Taesoo and Kim, Hyesoon and Peinado, Marcus},
  booktitle      = {26th $\{$USENIX$\}$ Security Symposium ($\{$USENIX$\}$ Security 17)},
  pages = {557--574},
  year           = {2017}
}



@inproceedings{Li:2014:SLH:2541940.2541947,
  author            = {Li, Xun and Kashyap, Vineeth and Oberg, Jason K. and Tiwari, Mohit and Rajarathinam, Vasanth Ram and Kastner, Ryan and Sherwood, Timothy and Hardekopf, Ben and Chong, Frederic T.},
  title             = {Sapper: A Language for Hardware-level Security Policy Enforcement},
  booktitle         = {Proceedings of the 19th International Conference on Architectural Support for Programming Languages and Operating Systems},
  series            = {ASPLOS '14},
  year              = {2014},
  isbn              = {978-1-4503-2305-5},
  location          = {Salt Lake City, Utah, USA},
  pages    = {97--112},
  numpages = {16},
  urllllllllll      = {http://doi.acm.org/10.1145/2541940.2541947},
  doi               = {10.1145/2541940.2541947},
  acmid             = {2541947},
  publisher         = {ACM},
  addresssssssss    = {New York, NY, USA},
  keywords          = {hardware description language, non-interference}
}



@manual{libsodium,
  title = {LibSodium},
  url   = {https://libsodium.org}
}



@inproceedings{liu2015last,
  title          = {Last-level cache side-channel attacks are practical},
  author         = {Liu, Fangfei and Yarom, Yuval and Ge, Qian and Heiser, Gernot and Lee, Ruby B},
  booktitle      = {2015 IEEE Symposium on Security and Privacy},
  pages = {605--622},
  year           = {2015},
  organization   = {IEEE}
}



@inproceedings{McCamantE2008,
  author           = {Stephen McCamant and Michael D. Ernst},
  title            = {Quantitative information flow as network flow capacity},
  booktitle        = {PLDI 2008: Proceedings of the ACM SIGPLAN 2008
	Conference on Programming Language Design and Implementation},
  pages   = {193--205},
  addresssssssss   = {Tucson, AZ, USA},
  monthhhhhhhhhhhh = jun,
  year             = {2008}
} 



@inproceedings{moghimi2020copycat,
  title     = {CopyCat: Controlled Instruction-Level Attacks on Enclaves},
  author    = {Moghimi, Daniel and Van Bulck, Jo and Heninger, Nadia and Piessens, Frank and Sunar, Berk},
  booktitle = {USENIX Security},
  pages={469--486},
  year = {2020}
}

@manual{OpenSSL:Security:Policy,
  title            = {Security Policy},
  author           = {OpenSSL},
  url              = {https://www.openssl.org/policies/secpolicy.html},
  year             = {2019},
  monthhhhhhhhhhhh = may
}


@inproceedings{Osvik2006,
  author         = {Osvik, Dag Arne and Shamir, Adi and Tromer, Eran},
  title          = {Cache Attacks and Countermeasures: The Case of {AES}},
  booktitle      = {Proceedings of the 2006 The Cryptographers' Track at the RSA Conference on Topics in Cryptology},
  series         = {CT-RSA'06},
  year           = {2006},
  location       = {San Jose, CA},
  pages = {1--20},
  publisher      = {Springer-Verlag}
} 


@article{Page2005PartitionedCA,
  title          = {Partitioned Cache Architecture as a Side-Channel Defence Mechanism},
  author         = {Dan Page},
  journal        = {IACR Cryptology ePrint Archive},
  year           = {2005},
  volume         = {2005},
  pages = {280}
}


@inproceedings{pasareanu2016multi,
  title        = {Multi-run side-channel analysis using Symbolic Execution and {Max-SMT}},
  author       = {Pasareanu, Corina S and Phan, Quoc-Sang and Malacaria, Pasquale},
  booktitle    = {IEEE 29th Computer Security Foundations Symposium (CSF) 2016},
  pages        = {387--400},
  organization = {IEEE}
} 

@article{Phan:2012:SQI:2382756.2382791,
  author         = {Phan, Quoc-Sang and Malacaria, Pasquale and Tkachuk, Oksana and P\u{a}s\u{a}reanu, Corina S.},
  title          = {Symbolic Quantitative Information Flow},
  journal        = {SIGSOFT Softw. Eng. Notes},
  issue_date     = {November 2012},
  volume         = {37},
  number         = {6},
  year           = {2012},
  issn           = {0163-5948},
  pages = {1--5},
  publisher      = {ACM}
} 


@article{phan2015model,
  title   = {Model counting modulo theories},
  author  = {Phan, Quoc-Sang},
  journal = {arXiv preprint arXiv:1504.02796},
  year    = {2015}
}

@inproceedings{rebeiro2006bitslice,
  title          = {Bitslice implementation of AES},
  author         = {Rebeiro, Chester and Selvakumar, David and Devi, ASL},
  booktitle      = {International Conference on Cryptology and Network Security},
  pages = {203--212},
  year           = {2006},
  organization   = {Springer}
}


@book{robling1982cryptography,
  title     = {Cryptography and data security},
  author    = {Robling Denning, Dorothy Elizabeth},
  year      = {1982},
  publisher = {Addison-Wesley Longman Publishing Co., Inc.}
}


@article{shannon1948mathematical,
  title     = {A mathematical theory of communication},
  author    = {Shannon, Claude E},
  journal   = {Bell system technical journal},
  volume    = {27},
  number    = {3},
  pages     = {379--423},
  year      = {1948},
  publisher = {Wiley Online Library}
}



@inproceedings{shih2017t,
  title     = {T-SGX: Eradicating Controlled-Channel Attacks Against Enclave Programs.},
  author    = {Shih, Ming-Wei and Lee, Sangho and Kim, Taesoo and Peinado, Marcus},
  pages = {1544-3566},
  booktitle = {NDSS},
  year      = {2017}
}



@inproceedings{shoshitaishvili2016state,
  title     = {{SoK}: (State of) The Art of War: Offensive Techniques in Binary Analysis},
  author    = {Shoshitaishvili, Yan and Wang, Ruoyu and Salls, Christopher and
		Stephens, Nick and Polino, Mario and Dutcher, Audrey and Grosen, John and
	Feng, Siji and Hauser, Christophe and Kruegel, Christopher and Vigna, Giovanni},
  booktitle = {IEEE Symposium on Security and Privacy},
  year      = {2016}
}

@inproceedings{song2008bitblaze,
  title        = {BitBlaze: A new approach to computer security via binary analysis},
  author       = {Song, Dawn and Brumley, David and Yin, Heng and Caballero, Juan and Jager, Ivan and Kang, Min Gyung and Liang, Zhenkai and Newsome, James and Poosankam, Pongsin and Saxena, Prateek},
  booktitle    = {International Conference on Information Systems Security},
  pages        = {1--25},
  year         = {2008},
  organization = {Springer}
}

@article{szefer2019survey,
  title          = {Survey of microarchitectural side and covert channels, attacks, and defenses},
  author         = {Szefer, Jakub},
  journal        = {Journal of Hardware and Systems Security},
  volume         = {3},
  number         = {3},
  pages = {219--234},
  year           = {2019},
  publisher      = {Springer}
}


@inproceedings{tiwari2011crafting,
  title          = {Crafting a usable microkernel, processor, and I/O system with strict and provable information flow security},
  author         = {Tiwari, Mohit and Oberg, Jason K and Li, Xun and Valamehr, Jonathan and Levin, Timothy and Hardekopf, Ben and Kastner, Ryan and Chong, Frederic T and Sherwood, Timothy},
  booktitle      = {ACM SIGARCH Computer Architecture News},
  volume         = {39},
  pages = {189--200},
  year           = {2011},
  organization   = {ACM}
}


@inproceedings{Wang:2007:NCD:1250662.1250723,
  author            = {Wang, Zhenghong and Lee, Ruby B.},
  title             = {New Cache Designs for Thwarting Software Cache-based Side Channel Attacks},
  booktitle         = {Proceedings of the 34th Annual International Symposium on Computer Architecture},
  series            = {ISCA '07},
  year              = {2007},
  isbn              = {978-1-59593-706-3},
  location          = {San Diego, California, USA},
  pages    = {494--505},
  numpages = {12},
  urllllllllll      = {http://doi.acm.org/10.1145/1250662.1250723},
  doi               = {10.1145/1250662.1250723},
  acmid             = {1250723},
  publisher         = {ACM},
  addresssssssss    = {New York, NY, USA},
  keywords          = {cache, computer architecture, processor, security, side channel, timing attacks}
}



@inproceedings{Wang17a,
  author    = {Shuai Wang and
               Pei Wang and
               Dinghao Wu},
  title     = {Semantics-Aware Machine Learning for Function Recognition in Binary
               Code},
  booktitle = {2017 {IEEE} International Conference on Software Maintenance and Evolution,
               {ICSME} 2017, Shanghai, China, September 17-22, 2017},
  pages     = {388--398},
  publisher = {{IEEE} Computer Society},
  year      = {2017},
  url       = {https://doi.org/10.1109/ICSME.2017.59},
  doi       = {10.1109/ICSME.2017.59},
  timestamp = {Sat, 19 Oct 2019 20:25:32 +0200},
  biburl    = {https://dblp.org/rec/conf/icsm/WangWW17a.bib},
  bibsource = {dblp computer science bibliography, https://dblp.org}
}

@inproceedings{Wei2004TowardsES,
  title     = {Towards Efficient Sampling: Exploiting Random Walk Strategies},
  author    = {Wei Wei and Jordan Erenrich and Bart Selman},
  booktitle = {AAAI},
  year      = {2004}
}

@inproceedings{wei2005new,
  title        = {A new approach to model counting},
  author       = {Wei, Wei and Selman, Bart},
  booktitle    = {International Conference on Theory and Applications of Satisfiability Testing},
  pages        = {324--339},
  year         = {2005},
  organization = {Springer}
}


@inproceedings{Wichelmann:2018:MFF:3274694.3274741,
  author            = {Wichelmann, Jan and Moghimi, Ahmad and Eisenbarth, Thomas and Sunar, Berk},
  title             = {MicroWalk: A Framework for Finding Side Channels in Binaries},
  booktitle         = {Proceedings of the 34th Annual Computer Security Applications Conference},
  series            = {ACSAC '18},
  year              = {2018},
  location          = {San Juan, PR, USA},
  pages    = {161--173},
  numpages = {13},
  doi               = {10.1145/3274694.3274741},
  acmid             = {3274741}
} 




@inproceedings{yarom2014flush+,
  title          = {FLUSH+ RELOAD: a high resolution, low noise, L3 cache side-channel attack},
  author         = {Yarom, Yuval and Falkner, Katrina},
  booktitle      = {23rd $\{$USENIX$\}$ Security Symposium ($\{$USENIX$\}$ Security 14)},
  pages = {719--732},
  year           = {2014}
}

@article{yarom2017cachebleed,
  title          = {CacheBleed: a timing attack on OpenSSL constant-time RSA},
  author         = {Yarom, Yuval and Genkin, Daniel and Heninger, Nadia},
  journal        = {Journal of Cryptographic Engineering},
  volume         = {7},
  number         = {2},
  pages = {99--112},
  year           = {2017},
  publisher      = {Springer}
}


@article{Zhang:2015:HDL:2775054.2694372,
  author            = {Zhang, Danfeng and Wang, Yao and Suh, G. Edward and Myers, Andrew C.},
  title             = {A Hardware Design Language for Timing-Sensitive Information-Flow Security},
  journal           = {SIGPLAN Not.},
  issue_date        = {April 2015},
  volume            = {50},
  number            = {4},
  monthhhhhhhhhhhh  = mar,
  year              = {2015},
  issn              = {0362-1340},
  pages    = {503--516},
  numpages = {14},
  urllllllllll      = {http://doi.acm.org/10.1145/2775054.2694372},
  doi               = {10.1145/2775054.2694372}
}


@inproceedings{zhang2010sidebuster,
  title     = {Sidebuster: automated detection and quantification of side-channel leaks in web application development},
  author    = {Zhang, Kehuan and Li, Zhou and Wang, Rui and Wang, XiaoFeng and Chen, Shuo},
  booktitle = {Proceedings of the 17th ACM conference on Computer and communications security},
  pages={595--606},
  year={2010}
}

@inproceedings{zhou2018static,
  title     = {Static evaluation of noninterference using approximate model counting},
  author    = {Zhou, Ziqiao and Qian, Zhiyun and Reiter, Michael K and Zhang, Yinqian},
  booktitle = {IEEE Symposium on Security and Privacy 2018}
}

@inproceedings{disselkoen2017prime+,
  title={Prime+Abort: A timer-free high-precision l3 cache attack using Intel TSX},
  author={Disselkoen, Craig and Kohlbrenner, David and Porter, Leo and Tullsen, Dean},
  booktitle={26th USENIX Security Symposium (USENIX Security 17)},
  pages={51--67},
  year={2017}
}

@inproceedings{gruss2016flush+,
  title={Flush+ Flush: a fast and stealthy cache attack},
  author={Gruss, Daniel and Maurice, Cl{\'e}mentine and Wagner, Klaus and Mangard, Stefan},
  booktitle={International Conference on Detection of Intrusions and Malware, and Vulnerability Assessment},
  pages={279--299},
  year={2016},
  organization={Springer}
}


@inproceedings{xu2015controlled,
  title={Controlled-channel attacks: Deterministic side channels for untrusted operating systems},
  author={Xu, Yuanzhong and Cui, Weidong and Peinado, Marcus},
  booktitle={2015 IEEE Symposium on Security and Privacy},
  pages={640--656},
  year={2015},
  organization={IEEE}
}


@inproceedings{gras_translation_2018,
  title={Translation leak-aside buffer: Defeating cache side-channel protections with TLB attacks},
  author={Gras, Ben and Razavi, Kaveh and Bos, Herbert and Giuffrida, Cristiano},
  booktitle={27th USENIX Security Symposium (USENIX Security 18)},
  pages={955--972},
  year={2018}
}

@inproceedings{gruss2019page,
  title={Page cache attacks},
  author={Gruss, Daniel and Kraft, Erik and Tiwari, Trishita and Schwarz, Michael and Trachtenberg, Ari and Hennessey, Jason and Ionescu, Alex and Fogh, Anders},
  booktitle={Proceedings of the 2019 ACM SIGSAC Conference on Computer and Communications Security},
  pages={167--180},
  year={2019}
}

@inproceedings{brickell2011technologies,
  title={Technologies to improve platform security},
  author={Brickell, Ernie},
  booktitle={Workshop on Cryptographic Hardware and Embedded Systems},
  volume={11},
  pages={0},
  year={2011}
}


@inproceedings{bonneau2006cache,
  title={Cache-collision timing attacks against AES},
  author={Bonneau, Joseph and Mironov, Ilya},
  booktitle={International Workshop on Cryptographic Hardware and Embedded Systems},
  pages={201--215},
  year={2006},
  organization={Springer}
}

@inproceedings{arnaud2013timing,
  title={Timing attack against protected RSA-CRT implementation used in PolarSSL},
  author={Arnaud, Cyril and Fouque, Pierre-Alain},
  booktitle={Cryptographersâ Track at the RSA Conference},
  pages={18--33},
  year={2013},
  organization={Springer}
}

@inproceedings{hua2018reverse,
  title={Reverse engineering convolutional neural networks through side-channel information leaks},
  author={Hua, Weizhe and Zhang, Zhiru and Suh, G Edward},
  booktitle={2018 55th ACM/ESDA/IEEE Design Automation Conference (DAC)},
  pages={1--6},
  year={2018},
  organization={IEEE}
}

@inproceedings{wei2018know,
  title={I know what you see: Power side-channel attack on convolutional neural network accelerators},
  author={Wei, Lingxiao and Luo, Bo and Li, Yu and Liu, Yannan and Xu, Qiang},
  booktitle={Proceedings of the 34th Annual Computer Security Applications Conference},
  pages={393--406},
  year={2018}
}

@inproceedings{batina2019csi,
  title={CSI NN: Reverse Engineering of Neural Network Architectures Through Electromagnetic Side Channel},
  author={Batina, Lejla and Bhasin, Shivam and Jap, Dirmanto and Picek, Stjepan},
  booktitle={28th USENIX Security Symposium (USENIX Security)},
  pages={515--532},
  year={2019}
}

@inproceedings{yan2020cache,
  title={Cache Telepathy: Leveraging Shared Resource Attacks to Learn DNN Architectures},
  author={Yan, Mengjia and Fletcher, Christopher W and Torrellas, Josep},
  booktitle={29th USENIX Security Symposium (USENIX Security)},
  pages={2003--2020},
  year={2020}
}

@inproceedings{wang2019unveiling,
  title={Unveiling your keystrokes: A Cache-based Side-channel Attack on Graphics Libraries.},
  author={Wang, Daimeng and Neupane, Ajaya and Qian, Zhiyun and Abu-Ghazaleh, Nael B and Krishnamurthy, Srikanth V and Colbert, Edward JM and Yu, Paul},
  booktitle={NDSS},
  year={2019}
}


@inproceedings{jang2016breaking,
  title={Breaking kernel address space layout randomization with intel tsx},
  author={Jang, Yeongjin and Lee, Sangho and Kim, Taesoo},
  booktitle={Proceedings of the 2016 ACM SIGSAC Conference on Computer and Communications Security},
  pages={380--392},
  year={2016}
}

@inproceedings{cao2019principled,
  title={Principled Unearthing of TCP Side Channel Vulnerabilities},
  author={Cao, Yue and Wang, Zhongjie and Qian, Zhiyun and Song, Chengyu and Krishnamurthy, Srikanth V and Yu, Paul},
  booktitle={Proceedings of the 2019 ACM SIGSAC Conference on Computer and Communications Security},
  pages={211--224},
  year={2019}
}

@inproceedings{cao2016off,
  title={Off-Path $\{$TCP$\}$ Exploits: Global Rate Limit Considered Dangerous},
  author={Cao, Yue and Qian, Zhiyun and Wang, Zhongjie and Dao, Tuan and Krishnamurthy, Srikanth V and Marvel, Lisa M},
  booktitle={25th $\{$USENIX$\}$ Security Symposium ($\{$USENIX$\}$ Security 16)},
  pages={209--225},
  year={2016}
}

@inproceedings{xiao2017stacco,
  title={Stacco: Differentially analyzing side-channel traces for detecting SSL/TLS vulnerabilities in secure enclaves},
  author={Xiao, Yuan and Li, Mengyuan and Chen, Sanchuan and Zhang, Yinqian},
  booktitle={Proceedings of the 2017 ACM SIGSAC Conference on Computer and Communications Security},
  pages={859--874},
  year={2017}
}

@inproceedings{wang2019time,
  title={Time and Order: Towards Automatically Identifying Side-Channel Vulnerabilities in Enclave Binaries},
  author={Wang, Wubing and Zhang, Yinqian and Lin, Zhiqiang},
  booktitle={22nd International Symposium on Research in Attacks, Intrusions and Defenses (RAID)},
  pages={443--457},
  year={2019}
}

@inproceedings{bao2021abacus,
  title={Abacus: Precise Side-Channel Analysis},
  author={Bao, Qinkun and Wang, Zihao and Larus, James R and Wu, Dinghao},
  booktitle={ICSE},
  year={2021},
  pages={121-135}
}

@inproceedings{hund2013practical,
  title={Practical timing side channel attacks against kernel space ASLR},
  author={Hund, Ralf and Willems, Carsten and Holz, Thorsten},
  booktitle={2013 IEEE Symposium on Security and Privacy},
  pages={191--205},
  year={2013},
  organization={IEEE}
}

@article{halevi2015keyboard,
  title={Keyboard acoustic side channel attacks: exploring realistic and security-sensitive scenarios},
  author={Halevi, Tzipora and Saxena, Nitesh},
  journal={International Journal of Information Security},
  volume={14},
  number={5},
  pages={443--456},
  year={2015},
  publisher={Springer}
}

@article{hong2018security,
  title={Security analysis of deep neural networks operating in the presence of cache side-channel attacks},
  author={Hong, Sanghyun and Davinroy, Michael and Kaya, YiÇ§itcan and Locke, Stuart Nevans and Rackow, Ian and Kulda, Kevin and Dachman-Soled, Dana and Dumitra{\c{s}}, Tudor},
  journal={arXiv preprint arXiv:1810.03487},
  year={2018}
}

@incollection{wang2014intel,
  title={Intel math kernel library},
  author={Wang, Endong and Zhang, Qing and Shen, Bo and Zhang, Guangyong and Lu, Xiaowei and Wu, Qing and Wang, Yajuan},
  booktitle={High-Performance Computing on the Intel{\textregistered} Xeon Phiâ¢},
  pages={167--188},
  year={2014},
  publisher={Springer}
}

@inproceedings{sumner2010memory,
  title={Memory indexing: canonicalizing addresses across executions},
  author={Sumner, William N and Zhang, Xiangyu},
  booktitle={Proceedings of the eighteenth ACM SIGSOFT international symposium on Foundations of software engineering},
  pages={217--226},
  year={2010}
}

@article{chipounov2012s2e,
  title={The S2E platform: Design, implementation, and applications},
  author={Chipounov, Vitaly and Kuznetsov, Volodymyr and Candea, George},
  journal={ACM Transactions on Computer Systems (TOCS)},
  volume={30},
  number={1},
  pages={1--49},
  year={2012},
  publisher={ACM New York, NY, USA}
}

@article{nethercote2007valgrind,
  title={Valgrind: a framework for heavyweight dynamic binary instrumentation},
  author={Nethercote, Nicholas and Seward, Julian},
  journal={ACM Sigplan notices},
  volume={42},
  number={6},
  pages={89--100},
  year={2007},
  publisher={ACM New York, NY, USA}
}

@article{luk2005pin,
  title={Pin: building customized program analysis tools with dynamic instrumentation},
  author={Luk, Chi-Keung and Cohn, Robert and Muth, Robert and Patil, Harish and Klauser, Artur and Lowney, Geoff and Wallace, Steven and Reddi, Vijay Janapa and Hazelwood, Kim},
  journal={Acm sigplan notices},
  volume={40},
  number={6},
  pages={190--200},
  year={2005},
  publisher={ACM New York, NY, USA}
}

@inproceedings{xu2017cryptographic,
  title={Cryptographic function detection in obfuscated binaries via bit-precise symbolic loop mapping},
  author={Xu, Dongpeng and Ming, Jiang and Wu, Dinghao},
  booktitle={2017 IEEE Symposium on Security and Privacy (SP)},
  pages={921--937},
  year={2017},
  organization={IEEE}
}

@inproceedings{ming2017binsim,
  title={Binsim: Trace-based semantic binary diffing via system call sliced segment equivalence checking},
  author={Ming, Jiang and Xu, Dongpeng and Jiang, Yufei and Wu, Dinghao},
  booktitle={26th $\{$USENIX$\}$ Security Symposium ($\{$USENIX$\}$ Security 17)},
  pages={253--270},
  year={2017}
}

@inproceedings{jia2017towards,
  title={Towards efficient heap overflow discovery},
  author={Jia, Xiangkun and Zhang, Chao and Su, Purui and Yang, Yi and Huang, Huafeng and Feng, Dengguo},
  booktitle={26th $\{$USENIX$\}$ Security Symposium ($\{$USENIX$\}$ Security 17)},
  pages={989--1006},
  year={2017}
}

@inproceedings{brumley2011bap,
  title={BAP: A binary analysis platform},
  author={Brumley, David and Jager, Ivan and Avgerinos, Thanassis and Schwartz, Edward J},
  booktitle={International Conference on Computer Aided Verification},
  pages={463--469},
  year={2011},
  organization={Springer}
}

@article{brumley2005remote,
  title={Remote timing attacks are practical},
  author={Brumley, David and Boneh, Dan},
  journal={Computer Networks},
  volume={48},
  number={5},
  pages={701--716},
  year={2005},
  publisher={Elsevier}
}

@article{bernstein2005cache,
  title={Cache-timing attacks on AES},
  author={Bernstein, Daniel J},
  year={2005},
  publisher={Citeseer}
}

@inproceedings{nilizadeh2019diffuzz,
  title={DifFuzz: differential fuzzing for side-channel analysis},
  author={Nilizadeh, Shirin and Noller, Yannic and Pasareanu, Corina S},
  booktitle={2019 IEEE/ACM 41st International Conference on Software Engineering (ICSE)},
  pages={176--187},
  year={2019},
  organization={IEEE}
}

@article{lecun1998gradient,
  title={Gradient-based learning applied to document recognition},
  author={LeCun, Yann and Bottou, L{\'e}on and Bengio, Yoshua and Haffner, Patrick},
  journal={Proceedings of the IEEE},
  volume={86},
  number={11},
  pages={2278--2324},
  year={1998},
  publisher={Ieee}
}